@misc{greig,
    title =  {Greig's Thesis},
    author = {Dr. Amelia Greig}
}
@misc{fft,
  title={Cal {P}oly {G}ithub},
  note={\url{http://www.github.com/CalPoly}}
}

